@inproceedings{LemireMaclachlan2005,
   author    = {Daniel Lemire and Anna Maclachlan},
   title     = {Slope One Predictors for Online Rating-Based Collaborative Filtering},
   booktitle = {Proceedings of SIAM Data Mining (SDM'05)},
   year      = {2005},
   url = {http://www.daniel-lemire.com/fr/documents/publications/lemiremaclachlan_sdm05.pdf}
}

@inproceedings{Sarwar:2001:ICF:371920.372071,
 author = {Sarwar, Badrul and Karypis, George and Konstan, Joseph and Riedl, John},
 title = {Item-based collaborative filtering recommendation algorithms},
 booktitle = {Proceedings of the 10th international conference on World Wide Web},
 series = {WWW '01},
 year = {2001},
 isbn = {1-58113-348-0},
 location = {Hong Kong, Hong Kong},
 pages = {285--295},
 numpages = {11},
 url = {http://doi.acm.org/10.1145/371920.372071},
 doi = {10.1145/371920.372071},
 acmid = {372071},
 publisher = {ACM},
 address = {New York, NY, USA},
} 

@article{Su:2009:SCF:1592474.1722966,
 author = {Su, Xiaoyuan and Khoshgoftaar, Taghi M.},
 title = {A survey of collaborative filtering techniques},
 journal = {Adv. in Artif. Intell.},
 issue_date = {January 2009},
 volume = {2009},
 month = jan,
 year = {2009},
 issn = {1687-7470},
 pages = {4:2--4:2},
 articleno = {4},
 numpages = {1},
 url = {http://dx.doi.org/10.1155/2009/421425},
 doi = {10.1155/2009/421425},
 acmid = {1722966},
 publisher = {Hindawi Publishing Corp.},
 address = {New York, NY, United States},
} 